% @book{adams1995hitchhiker,
%   title={The Hitchhiker's Guide to the Galaxy},
%   author={Adams, D.},
%   isbn={9781417642595},
%   url={http://books.google.com/books?id=W-xMPgAACAAJ},
%   year={1995},
%   publisher={San Val}
% }

@book{adams1995hitchhiker,
  title={詳解ディープラーニング 第2版},
  author={巣籠 悠輔},
  isbn={978-4-8399-6951-6},
  year={2019},
  publisher={マイナビ出版 }
}
